LDR    01017cam a2200241 a 4500
001    666
005    20010807104909.0
008    000818s2001    ohu      b    001 0 eng  
010    |a   00064666 
020    |a1581800479
040    |aDLC|cDLC|dDLC
050 00 |aZ250|b.S92 2001
082 00 |221|a686.2/21
100 1  |aWindley, Jay,|d1966-
245 10 |aPoop on this book! /|cJay Windley.
260    |aSalt Lake City, Utah :|bBogus Books, |c2013.
300    |a160 p. :|bill. (some col.) ;|c29 cm.
650  0 |aPoop
650  0 |aDefecation (Typography)
650  0 |aDiet |zUtah |zSalt Lake City.
906    |a7|bcbc|corignew|d1|eocip|f20|gy-gencatlg
925 0  |aacquire|b2 shelf copies|xpolicy default
955    |apc20 to la00 08-18-00; AA3d lk17 received for descriptive Aug 22, 2000; sent to subj. 08-28-00; lf14 HLCD/Rom subj. to SL/AA 08-28-00; lh09 8-30-00; to Dewey 08-30-00; aa20 08-31-00|flj06 2001-08-07|glj06 2001-08-07 sent c. 1-2 to BCCD
